<?xml version="1.0" encoding="UTF-8"?><collection xmlns="http://www.loc.gov/MARC21/slim"><record><leader>00334nam--2200133-i-4500</leader><controlfield tag="001">000041235</controlfield><controlfield tag="002">20161230</controlfield><controlfield tag="005">20161230201043</controlfield><controlfield tag="008">060222s1000------------r-----000-0-eng-d</controlfield><datafield ind1=" " ind2=" " tag="080"><subfield code="a">62-52</subfield></datafield><datafield ind1=" " ind2=" " tag="245"><subfield code="a">Sensitivity methods in control theory</subfield></datafield><datafield ind1=" " ind2=" " tag="260"><subfield code="a">Oxford, Pergamon Press, 1966. Xiii + 442 P</subfield></datafield><datafield ind1=" " ind2=" " tag="700"><subfield code="a">L.Radanovic</subfield></datafield><datafield ind1=" " ind2=" " tag="852"><subfield code="a">24841</subfield></datafield></record></collection>